@book{Jones2000,
 Author = {Jones, J.},
 Publisher = {E.G. Books},
 Title = {An Example Citation},
 Year = {2000}}
@book{Smith2001,
 Author = {Smith, Winston},
 Publisher = {A.N. Other},
 Title = {Another Quotable Source},
 Year = {2001}}
