%% This BibTeX bibliography file was created using BibDesk.
%% https://bibdesk.sourceforge.io/

%% Created for Paul Bartlett at 2020-05-19 13:53:04 +0100 


%% Saved with string encoding Unicode (UTF-8) 



@book{Smith2001,
	Author = {Smith, Winston},
	Date-Added = {2020-05-19 13:50:46 +0100},
	Date-Modified = {2020-05-19 13:51:57 +0100},
	Publisher = {EG Books},
	Title = {An Example Citation},
	Year = {2001}}
